<?xml version="1.0" encoding="UTF-8"?><collection xmlns="http://www.loc.gov/MARC21/slim"><record><leader>00487nam--2200193-i-4500</leader><controlfield tag="001">000006912</controlfield><controlfield tag="002">20161230</controlfield><controlfield tag="005">20161230201027</controlfield><controlfield tag="008">060222s1000------------r-----000-0-rus-d</controlfield><datafield ind1=" " ind2=" " tag="040"><subfield code="a">IFIN-HH</subfield></datafield><datafield ind1=" " ind2=" " tag="041"><subfield code="a">rus</subfield></datafield><datafield ind1=" " ind2=" " tag="080"><subfield code="a">539.377</subfield></datafield><datafield ind1="1" ind2=" " tag="100"><subfield code="a">Podstrigaci, Ia.S</subfield></datafield><datafield ind1="1" ind2="0" tag="245"><subfield code="a">Termo-uprugosti tonkih obolocek</subfield><subfield code="c">Ia.s. podstrigaci, r.n. sebet</subfield></datafield><datafield ind1=" " ind2=" " tag="260"><subfield code="a">Kiev</subfield><subfield code="b">Naukova Dumka</subfield><subfield code="c">1978</subfield></datafield><datafield ind1=" " ind2=" " tag="300"><subfield code="a">343P</subfield></datafield><datafield ind1="1" ind2=" " tag="700"><subfield code="a">Sebet, R.N</subfield></datafield><datafield ind1=" " ind2=" " tag="852"><subfield code="a">76596</subfield><subfield code="c">539.4</subfield></datafield><datafield ind1=" " ind2=" " tag="CAT"><subfield code="a">Sys</subfield><subfield code="c">20130130</subfield><subfield code="h">142325</subfield></datafield></record></collection>